@misc{ wiki:kf,
  author = {{Kalman Filter}},
  title = "Kalman Filter --- {W}ikipedia{,} The Free Encyclopedia",
  year = "2016",
  url = "https://en.wikipedia.org/wiki/Kalman_filter",
  note = "[Online; accessed 02-July-2018]"
}
@misc{ wiki:pf,
  author = {{Particle Filter}},
  title = "Particle Filter --- {W}ikipedia{,} The Free Encyclopedia",
  year = "2016",
  url = "https://en.wikipedia.org/wiki/Particle_filter",
  note = "[Online; accessed 02-July-2018]"
}
@misc{ wiki:krp,
  author = {{Kidnapped robot problem}},
  title = "Kidnapped robot problem --- {W}ikipedia{,} The Free Encyclopedia",
  year = "2016",
  url = "https://en.wikipedia.org/wiki/Kidnapped_robot_problem",
  note = "[Online; accessed 03-July-2018]"
}
@misc{ rosnavgui,
  author = {{K. Zheng}},
  title = "Ros navigation tuning guide.",
  year = "2016",
  url = "http://kaiyuzheng.me/documents/navguide.pdf://kaiyuzheng.me/documents/navguide.pdf",
  note = "[Online; accessed 02-July-2018]"
}